@article{veblen,
    author = "Oswald Veblen",
    title = "Continuous Increasing Functions of Finite and Transfinite Ordinals",
    journal = "Transactions of the American Mathematical Society",
    volume = "9",
    pages = "280--292",
    year = "1908",
    DOI = "10.2307/1988605"
}

@article{schutte,
    author = "Kurt Schütte",
    title = "Kennzeichnung von Ordnungszahlen durch rekursiv erklärte Funktionen",
    journal = "Mathematische Annalen",
    volume = "127",
    pages = "15--32",
    year = "1954",
    DOI = "10.1007/BF01361109"
}

@article{buchholz,
    author = "Wilfried Buchholz",
    title = "A new system of proof-theoretic ordinal functions",
    journal = "Annals of Pure and Applied Logic",
    volume = "32",
    pages = "195--207",
    year = "1986",
    DOI = "10.1016/0168-0072(86)90052-7"
}

@article{jager,
    author = "Gerhard Jäger",
    title = "Zur Beweistheorie der Kripke-Platek-Mengenlehre über den natürlichen Zahlen",
    journal = "Archiv für mathematische Logik und Grundlagenforschung",
    volume = "22",
    pages = "121--140",
    year = "1982",
    DOI = "10.1007/BF02297652"
}

@article{rathjen,
    author = "Michael Rathjen and Andreas Weiermann",
    title = "Proof-theoretic investigations on Kruskal's theorem",
    journal = "Annals of Pure and Applied Logic",
    volume = "60",
    pages = "49--88",
    year = "1993",
    DOI = "10.1016/0168-0072(93)90192-G"
}

@article{buchholz2,
    author = "Wilfried Buchholz and Stan Wainer",
    title = "Provably computable functions and the fast growing hierarchy",
    journal = "AMS Contemporary Mathematics",
    volume = "65",
    pages = "179--198",
    year = "1987",
    DOI = "10.1090/conm/065"
}

@article{cantor,
    author = "Georg Cantor",
    title = "Beiträge zur Begründung der transfiniten Mengenlehre",
    journal = "Mathematische Annalen",
    volume = "46",
    pages = "481--512",
    year = "1895",
    DOI = "10.1007/BF02124929"
}

@book{buchholz3,
    author = "Wilfried Buchholz and Solomon Feferman and Wolfram Pohlers and Wolfram Sieg",
    title = "Iterated Inductive Definitions and Subsystems of Analysis: Recent Proof-Theoretical Studies",
    series = "Lecture Notes in Mathematics",
    volume = "897",
    year = "1981",
    DOI = "10.1007/BFb0091894"
}

@misc{weaver,
    author = "Nik Weaver",
    title = "Predicativity beyond $\Gamma_0$",
    eprint = "math/0509244",
    year = "2009"
}

@article{buchholz4,
    author = "Wilfried Buchholz and Adam Cichon and Andreas Weiermann",
    title = "A Uniform Approach to Fundamental Sequences and Hierarchies",
    journal = "Mathematical Logic Quarterly",
    volume = "40",
    pages = "273--286",
    year = "1994",
    DOI = "10.1002/malq.19940400212"
}