@inbook{rathjen,
    author = "Michael Rathjen",
    title = "The Higher Infinite in Proof Theory",
    series = "Lecture Notes in Logic",
    booktitle = "Logic Colloquium '95: Proceedings of the Annual European Summer Meeting of the Association of Symbolic Logic",
    pages = "275–-304",
    year = "1995",
    DOI = "10.1017/9781316716830.019"
}

@article{rathjen2,
    author = "Michael Rathjen",
    title = "An Ordinal Analysis of Parameter-Free $\Pi^1_2$-Comprehension",
    journal = "Archive for Mathematical Logic",
    volume = "44",
    pages = "263--362",
    year = "2005",
    DOI = "10.1007/s00153-004-0232-4"
}

@misc{jensen,
    author = "Ronald Jensen and Kenneth Kunen",
    title = "Some Combinatorial Properties of L and V",
    howpublished = {Available at \url{https://www.mathematik.hu-berlin.de/~raesch/org/jensen.html}},
    year = "1969"
}

@article{jensen2,
    author = "Ronald Jensen",
    title = "The Fine Structure of the Constructible Hierarchy",
    journal = "Annals of Mathematical Logic",
    volume = "4",
    pages = "229-308",
    year = "1972",
    DOI = "10.1016/0003-4843(72)90001-0"
}

@book{barwise,
    author = "Jon Barwise",
    title = "Admissible Sets and Structures",
    series = "Perspectives in Logic",
    volume = "7",
    year = "1975",
    DOI = "10.1017/9781316717196"
}

@book{simpson,
    author = "Stephen Simpson",
    title = "Subsystems of Second Order Arithmetic",
    series = "Perspectives in Logic",
    year = "2009",
    DOI = "10.1017/CBO9780511581007"
}

@article{arai,
    author = "Toshiyasu Arai",
    title = "Proof Theory for Theories of Ordinals - I: Recursively Mahlo ordinals",
    journal = "Annals of Pure and Applied Logic",
    volume = "122",
    pages = "1--85",
    year = "2003",
    DOI = "10.1016/S0168-0072(03)00020-4"
}

@incollection{richter,
    author = "Wayne Richter and Peter Aczel",
    title = "Inductive Definitions and Reflecting Properties of Admissible Ordinals",
    series = "Studies in Logic and the Foundations of Mathematics",
    booktitle = "Generalized Recursion Theory",
    volume = "79",
    pages = "301--381",
    year = "1974",
    DOI = "10.1016/S0049-237X(08)70592-5"
}

@book{levy,
    author = "Azriel Lévy",
    title = "A Hierarchy of Formulas in Set Theory",
    series = "Memoirs of the American Mathematical Society",
    year = "1965",
    DOI = "10.2307/2270349"
}

@mastersthesis{klev,
    author = "Ansten Mørch-Klev",
    title = "Extending Kleene’s $\mathcal{O}$ Using Infinite Time Turing Machines, or How With Time She Grew Taller and Fatter",
    school = "Institute of Logic, Language and Computation, Universiteit van Amsterdam",
    year = "2007"
}

@inbook{kaufmann,
    author = "Matt Kaufmann",
    title = "On Existence of $\Sigma_n$ End Extensions",
    series = "Lecture Notes in Mathematics",
    booktitle = "Logic Year 1979--80",
    pages = "92--103",
    year = "1981",
    DOI = "10.1007/BFb0090942"
}

@article{friedman,
    author = "Sy-David Friedman",
    title = "The $\Sigma^*$ Approach to the Fine Structure of $L$",
    journal = "Fundamenta Mathematicae",
    volume = "154",
    pages = "133--158",
    year = "1997",
}
